@article{barbosa2013geraccao,
  title={Gera{\c{c}}{\~a}o de energia renov{\'a}vel em resid{\^e}ncias: aplica{\c{c}}{\~a}o de tecnologias existentes},
  author={Barbosa, Lu{\'\i}s Fernando Ferreira Motta},
  year={2013},
  publisher={Universidade Estadual Paulista (UNESP)}
}

@article{galdino2000contexto,
  title={O contexto das energias renov{\'a}veis no Brasil},
  author={Galdino, Marco AE and Lima, Jorge HG and Ribeiro, Cl{\'a}udio M and Eduardo, T SERRA},
  journal={Revista da DIRENG},
  pages={17--25},
  year={2000}
}

@article{atlasenergetico,
  author = {Agência Nacional de Energia Elétrica ANEEL},
  title = {Atlas de Energia Elétrica do Brasil - 3ª EDIÇÃO},
  year = 2008,
  url = {http://www2.aneel.gov.br/arquivos/pdf/atlas_par1_cap1.pdf},
  urldate = {2018-11-10}
}

@article{modicon1996,
  title={Modicon modbus protocol reference guide},
  author={Modicon, I},
  journal={North Andover, Massachusetts},
  pages={28--29},
  year={1996}
}

@article{beck2001manifesto,
  title={Manifesto for agile software development},
  author={Beck, Kent and Beedle, Mike and Van Bennekum, Arie and Cockburn, Alistair and Cunningham, Ward and Fowler, Martin and Grenning, James and Highsmith, Jim and Hunt, Andrew and Jeffries, Ron and others},
  year={2001}
}

@book{korth1994,
  title={Sistema de banco de dados},
  author={Korth, Henry F},
  year={1994},
  publisher={Makron Books/McGraw-Hill}
}

@book{date2004,
  title={Introdução a sistemas de bancos de dados},
  author={Date, Christopher J},
  year={2004},
  publisher={Elsevier Brasil}
}

@inproceedings{dutertre2007formal,
  title={Formal modeling and analysis of the Modbus protocol},
  author={Dutertre, Bruno},
  booktitle={International Conference on Critical Infrastructure Protection},
  pages={189--204},
  year={2007},
  organization={Springer}
}

@book{wazlawick2013engenharia,
  title={Engenharia de software: conceitos e pr{\'a}ticas},
  author={Wazlawick, Raul},
  volume={1},
  year={2013},
  publisher={Elsevier Brasil}
}

@book{bezerra2016principios,
  title={Princ{\'\i}pios de An{\'a}lise e Projeto de Sistema com UML},
  author={Bezerra, Eduardo},
  volume={3},
  year={2016},
  publisher={Elsevier Brasil}
}

@book{pressman2016engenharia,
  title={Engenharia de Software-8{\textordfeminine} Edi{\c{c}}{\~a}o},
  author={Pressman, Roger and Maxim, Bruce},
  year={2016},
  publisher={McGraw Hill Brasil}
}

@book{murta2006gerencia,
  title={Ger{\^e}ncia de Configura{\c{c}}{\~a}o no Desenvolvimento baseado em Componentes},
  author={Murta, Leonardo Gresta Paulino and Werner, Cl{\'a}udia Maria Lima},
  year={2006},
  publisher={UFRJ}
}

@book{mason2006pragmatic,
  title={Pragmatic Version Control Using Subversion},
  author={Mason, Mike},
  year={2006},
  publisher={The Pragmatic Programmers LLC}
}

@article{araujo2019,
  author = {Araujo, Igor},
  title = {Vantagens do controle de versão no desenvolvimento ágil},
  year = 2011,
  url = {http://blog.myscrumhalf.com/2011/10/vantagens-do-controle-de-versao-no-desenvolvimento-agil/},
  urldate = {2019-06-05}
}

@article{sommerville2011software,
  title={Software engineering 9th Edition},
  author={Sommerville, Ian},
  journal={ISBN-10},
  volume={137035152},
  year={2011}
}

@misc{gammapadroes,
  title={Padr{\~o}es de Projeto--Solu{\c{c}}{\~o}es Reutiliz{\'a}veis de Software Orientado a Objetos},
  author={GAMMA, ERICH and Helm, R and Johnson, R and Vlissides, J},
  publisher={Bookman--Porto Alegre},
  year={2004}
}

@article{cck6700E,
  author = {Automação Ltda., CCK},
  title = {CCK6700E},
  year = 2019,
  url={http://www.cck.com.br/produtos/produto.php?nmprod=CCK6700E},
  note = {Acessado em 01/06/2019},
}
